@book{Knuth:1997:ACP:270146,
 author = {Knuth, Donald E.},
 title = {The Art of Computer Programming, Volume 2 (3rd Ed.): Seminumerical Algorithms},
 year = {1997},
 isbn = {0-201-89684-2},
 publisher = {Addison-Wesley Longman Publishing Co., Inc.},
 address = {Boston, MA, USA},
 pages= {322-323}
}